@misc{tormetric,
  title = {Tor Metrics},
}   % https://metrics.torproject.org/

@inproceedings{dingledine2004tor,
  title={Tor: The Second-Generation Onion Router},
  author={Dingledine, Roger and Mathewson, Nick and Syverson, Paul},
  booktitle={In Proceedings of the 13th Usenix Security Symposium},
  year={2004}
}

@inproceedings{elahi2014privex,
  title={PrivEx: Private Collection of Traffic Statistics for Anonymous Communication Networks},
  author={Elahi, Tariq and Danezis, George and Goldberg, Ian},
  booktitle={Proceedings of the {ACM} {SIGSAC} Conference on Computer and Communications Security},
  pages={1068--1079},
  year={2014}
}

@inproceedings{gulcu1996mixing,
  title     = {Mixing Email with Babel},
  author    = {Ceki G{\"{u}}lc{\"{u}} and
               Gene Tsudik},
  booktitle = {Symposium on Network and Distributed System Security, {NDSS}},
  pages     = {2--16},
  year      = {1996},
  organization={IEEE}
}


@article{moller2003mixmaster,
  title={Mixmaster protocol¡ªversion 2},
  author={M{\"o}ller, Ulf and Cottrell, Lance and Palfrader, Peter and Sassaman, Len},
  journal={Draft},
  year={2003}
}

@inproceedings{danezis2003mixminion,
  title={Mixminion: Design of a type III anonymous remailer protocol},
  author={Danezis, George and Dingledine, Roger and Mathewson, Nick},
  booktitle={{IEEE} Symposium on Security and Privacy},
  pages={2--15},
  year={2003}
}

@article{boyan1997anonymizer,
  title={The anonymizer},
  author={Boyan, Justin},
  journal={Computer-Mediated Communication  Magazine},
  year={1997}
}

@inproceedings{back2001traffic,
  title={Traffic analysis attacks and trade-offs in anonymity providing systems},
  author={Back, Adam and M{\"o}ller, Ulf and Stiglic, Anton},
  booktitle={Information Hiding},
  pages={245--257},
  year={2001},
  organization={Springer}
}

@article{dai1996pipenet,
  title={PipeNet 1.1},
  author={Dai, Wei},
  journal={Usenet post, August},
  year={1996}
}

@inproceedings{berthold2001web,
  title={Web MIXes: A system for anonymous and unobservable Internet access},
  author={Berthold, Oliver and Federrath, Hannes and K{\"o}psell, Stefan},
  booktitle={Designing Privacy Enhancing Technologies},
  pages={115--129},
  year={2001},
  organization={Springer}
}

@inproceedings{freedman2002tarzan,
  title={Tarzan: A peer-to-peer anonymizing network layer},
  author={Freedman, Michael J and Morris, Robert},
  booktitle={Proceedings of the 9th ACM conference on Computer and communications security},
  pages={193--206},
  year={2002},
  organization={ACM}
}

@inproceedings{katti2007information,
  title={Information slicing: anonymity using unreliable overlays},
  author={Katti, Sachin and Cohen, Jeff and Katabi, Dina},
  booktitle={Proceedings of the 4th USENIX conference on Networked systems design \& implementation},
  pages={4--4},
  year={2007},
  organization={USENIX Association}
}

@inproceedings{landsiedel2007dynamic,
  title={Dynamic multipath onion routing in anonymous peer-to-peer overlay networks},
  author={Landsiedel, Olaf and Pimenidis, Alexis and Wehrle, Klaus and Niedermayer, Heiko and Carle, Georg},
  booktitle={Global Telecommunications Conference.},
  pages={64--69},
  year={2007},
  organization={IEEE}
}

@inproceedings{sherwood2002p,
  title={p 5: A protocol for scalable anonymous communication},
  author={Sherwood, Rob and Bhattacharjee, Bobby and Srinivasan, Aravind},
  booktitle={{IEEE} Symposium on Security and Privacy},
  pages={58--70},
  year={2002},
  organization={IEEE}
}

@inproceedings{syverson2001towards,
  title={Towards an analysis of onion routing security},
  author={Syverson, Paul and Tsudik, Gene and Reed, Michael and Landwehr, Carl},
  booktitle={Designing Privacy Enhancing Technologies},
  pages={96--114},
  year={2001},
  organization={Springer}
}

@inproceedings{le2013towards,
  title={Towards efficient traffic-analysis resistant anonymity networks},
  author={Le Blond, Stevens and Choffnes, David and Zhou, Wenxuan and Druschel, Peter and Ballani, Hitesh and Francis, Paul},
  booktitle={ACM SIGCOMM Computer Communication Review},
  volume={43},
  number={4},
  pages={303--314},
  year={2013},
  organization={ACM}
}

@inproceedings{chaabane2010digging,
  title={Digging into anonymous traffic: A deep analysis of the tor anonymizing network},
  author={Chaabane, Abdelberi and Manils, Pere and Kaafar, Mohamed Ali},
  booktitle={Network and System Security (NSS), International Conference on},
  pages={167--174},
  year={2010},
  organization={IEEE}
}

@Misc{germancourt,
howpublished = {\url{https://www.datenschutzzentrum.de/material/themen/presse/anon-bka_e.htm}},
note = {Press release, September 2003},
title = {The AN.ON Project. German police proceeds against anonymity service},
}

@inproceedings{syverson2000onion,
  title={Onion Routing access configurations},
  author={Syverson, Paul F and Reed, Michael G and Goldschlag, David M},
  booktitle={{DARPA} Information Survivability Conference and Exposition. Proceedings},
  volume={1},
  pages={34--40},
  year={2000},
  organization={IEEE}
}

@article{diffie1976new,
  title={New directions in cryptography},
  author={Diffie, Whitfield and Hellman, Martin E},
  journal={Information Theory, IEEE Transactions on},
  volume={22},
  number={6},
  pages={644--654},
  year={1976},
  publisher={IEEE}
}

@incollection{barbera2013cellflood,
  title={CellFlood: Attacking Tor onion routers on the cheap},
  author={Barbera, Marco Valerio and Kemerlis, Vasileios P and Pappas, Vasilis and Keromytis, Angelos D},
  booktitle={Computer Security--ESORICS},
  pages={664--681},
  year={2013},
  publisher={Springer}
}

@inproceedings{rizal2013empirical,
  title={Empirical performance analysis of anonymizing VoIP over The Onion Router (TOR) network},
  author={Rizal, Maimun and Taheri, Somayeh and Hogrefe, Dieter},
  booktitle={Privacy and Security in Mobile Systems (PRISMS), International Conference on},
  pages={1--4},
  year={2013},
  organization={IEEE}
}

@inproceedings{barker2011using,
  title={Using traffic analysis to identify the second generation onion router},
  author={Barker, John and Hannay, Peter and Szewczyk, Patryk},
  booktitle={Embedded and Ubiquitous Computing (EUC),  IFIP 9th International Conference on},
  pages={72--78},
  year={2011},
  organization={IEEE}
}

@Misc{theregister,
howpublished = {\url{http://www.theregister.co.uk/2007/09/10/misuse_of_tor_led_to_embassy_password_breach/}},
note = {Accessed May, 2016},
title = {Tor at heart of embassy passwords leak},
author = {Dan Goodin}
}


@inproceedings{snader2008tune,
  title={A Tune-up for Tor: Improving Security and Performance in the Tor Network.},
  author={Snader, Robin and Borisov, Nikita},
  booktitle={NDSS},
  volume={8},
  pages={127},
  year={2008}
}

@article{bauer2007low,
  title={Low-Resource Routing Attacks Against Anonymous Systems; CU-CS-1025-07},
  author={Bauer, Kevin and McCoy, Damon and Grunwald, Dirk C and Kohno, Tadayoshi},
  year={2007}
}

@article{goldberg1999freedom,
  title={Freedom network 1.0 architecture and protocols},
  author={Goldberg, Ian and Shostack, Adam},
  journal={Zero-Knowledge Systems White Paper},
  year={1999}
}

@inproceedings{bitcion,
  author    = {Alex Biryukov and
               Ivan Pustogarov},
  title     = {Bitcoin over Tor isn't a Good Idea},
  booktitle = {{IEEE} Symposium on Security and Privacy},
  pages     = {122--134},
  year      = {2015},
}

@inproceedings{Dissent,
  author    = {David Isaac Wolinsky and
               Henry Corrigan{-}Gibbs and
               Bryan Ford and
               Aaron Johnson},
  title     = {Dissent in Numbers: Making Strong Anonymity Scale},
  booktitle = {10th {USENIX} Symposium on Operating Systems Design and Implementation},
  pages     = {179--182},
  year      = {2012},
 }

@inproceedings{PrivEx,
  author    = {Tariq Elahi and
               George Danezis and
               Ian Goldberg},
  title     = {PrivEx: Private Collection of Traffic Statistics for Anonymous Communication
               Networks},
  booktitle = {Proceedings of the  {ACM} {SIGSAC} Conference on Computer and
               Communications Security},
  pages     = {1068--1079},
  year      = {2014},
}

@inproceedings{Throttling,
  author    = {Rob Jansen and
               Paul F. Syverson and
               Nicholas Hopper},
  title     = {Throttling Tor Bandwidth Parasites},
  booktitle = {Proceedings of the 21th {USENIX} Security Symposium},
  pages     = {349--363},
  year      = {2012},
}

@inproceedings{Riposte,
  author    = {Henry Corrigan{-}Gibbs and
               Dan Boneh and
               David Mazi{\`{e}}res},
  title     = {Riposte: An Anonymous Messaging System Handling Millions of Users},
  booktitle = { },
  pages     = {321--338},
  year      = {2015},
}

@inproceedings{AnalysisofTor,
  author    = {Steven J. Murdoch and
               George Danezis},
  title     = {Low-Cost Traffic Analysis of Tor},
  booktitle = { {IEEE} Symposium on Security and Privacy},
  pages     = {183--195},
  year      = {2005},
}

@inproceedings{TrafficAnalysisMixes,
  author    = {George Danezis},
  title     = {The Traffic Analysis of Continuous-Time Mixes},
  booktitle = {Privacy Enhancing Technologies, 4th International Workshop, {PET}},
  pages     = {35--50},
  year      = {2004},
}

@inproceedings{Locating,
  author    = {Lasse {\O}verlier and
               Paul F. Syverson},
  title     = {Locating Hidden Servers},
  booktitle = { {IEEE} Symposium on Security and Privacy},
  pages     = {100--114},
  year      = {2006},
}

@inproceedings{LongPaths,
  author    = {Nathan S. Evans and
               Roger Dingledine and
               Christian Grothoff},
  title     = {A Practical Congestion Attack on Tor Using Long Paths},
  booktitle = {18th {USENIX} Security Symposium},
  pages     = {33--50},
  year      = {2009},
}

@inproceedings{latencyleak,
  author    = {Nicholas Hopper and
               Eugene Y. Vasserman and
               Eric Chan{-}Tin},
  title     = {How much anonymity does network latency leak?},
  booktitle = {{ACM} Conference on Computer and Communications
               Security, {CCS}},
  pages     = {82--91},
  year      = {2007},

}

@inproceedings{Stealthy,
  author    = {Prateek Mittal and
               Ahmed Khurshid and
               Joshua Juen and
               Matthew Caesar and
               Nikita Borisov},
  title     = {Stealthy traffic analysis of low-latency anonymous communication using
               throughput fingerprinting},
  booktitle = {18th {ACM} Conference on Computer and Communications
               Security, {CCS}},
  pages     = {215--226},
  year      = {2011},
}

@inproceedings{ConnectionBased,
  author    = {Andrei Serjantov and
               Peter Sewell},
  title     = {Passive Attack Analysis for Connection-Based Anonymity Systems},
  booktitle = {{ESORICS}},
  pages     = {116--131},
  year      = {2003},
}

@inproceedings{dean2001using,
  title={Using Client Puzzles to Protect TLS.},
  author={Dean, Drew and Stubblefield, Adam},
  booktitle={USENIX Security Symposium},
  volume={42},
  year={2001}
}

@Misc{netresec,
  Title                    = {Detecting {TOR} Communication in Network Traffic},

  Author                   = {Erik Hjelmvik},
  Note                     = {\url{http://www.netresec.com}},
  Year                     = {2013}
}


@Misc{Rapid7,
  Title                    = {Skynet, a Tor-powered botnet straight from Reddit},
  Note                     = {\url{https://community.rapid7.com}},
  Year                     = {2012}
}

@Misc{TorExit,
  Title                    = {Austrian Tor Exit Node Operator Found Guilty As An Accomplice Because Someone Used His Node To Commit A crime},
  Note                     = {\url{https://www.techdirt.com/articles/20140701/18013327753/tor-nodes-declared-illegal-austria.shtml
}},
  Year                     = {2014}
}

@inproceedings{MIPRO,
  title={Protecting TOR exit nodes from abuse},
  author={Gro{\v{s}}, Stjepan and Salki{\'c}, Marko and {\v{S}}ipka, Ivan},
  booktitle={MIPRO, Proceedings of the 33rd International Convention},
  pages={1246--1249},
  year={2010},
  organization={IEEE}
}

@article{claessens2003revocable,
  title={Revocable anonymous access to the Internet?},
  author={Claessens, Joris and Diaz, Claudia and Goemans, Caroline and Dumortier, Jos and Preneel, Bart and Vandewalle, Joos},
  journal={Internet Research},
  volume={13},
  number={4},
  pages={242--258},
  year={2003},
  publisher={MCB UP Ltd}
}

@incollection{kopsell2006revocable,
  title={Revocable anonymity},
  author={K{\"o}psell, Stefan and Wendolsky, Rolf and Federrath, Hannes},
  booktitle={Emerging Trends in Information and Communication Security},
  pages={206--220},
  year={2006},
  publisher={Springer}
}

@inproceedings{xu2012accountable,
  title={Accountable anonymity: a proxy re-encryption based anonymous communication system},
  author={Xu, Gang and Aguilera, Leonardo and Guan, Yong},
  booktitle={Parallel and Distributed Systems (ICPADS), 2012 IEEE 18th International Conference on},
  pages={109--116},
  year={2012},
  organization={IEEE}
}

@article{kane2015revocable,
  title={A revocable anonymity in Tor},
  author={Kane, Amadou Moctar},
  journal={¡ºIACR¡» Cryptology ePrint Archive},
  volume={2015},
  pages={215},
  year={2015},
  publisher={Citeseer}
}
